% Quellen von: Manuel Fellner

@online{ book-modern-api-development-packt,
    title = {Modern API Development with Spring and Spring Boot},
    author = {Sourabh Sharma},
    url = {https://books.google.at/books?hl=de&lr=&id=3wYxEAAAQBAJ&oi=fnd&pg=PP1&dq=api+development+spring+boot&ots=_Lg5910DtU&sig=BHM1f9jPAvM57uFS3DFQFIpxH88&redir_esc=y#v=onepage&q=api%20development%20spring%20boot&f=false},
    organization = {Packt Publishing Ltd},
    note = {2021 Veröffentlicht}
}

@online{ book-api-development-springer,
    title = {API Development: A Practical Guide for Business Implementation Success},
    author = {Sascha Preibisch},
    url = {https://link.springer.com/book/10.1007/978-1-4842-4140-0},
    organization = {Spring Science+Business Media},
    note = {2018 Veröffentlicht}
}

@ARTICLE{paper-enterprise-api-security-and-gdpr-compliance,
  author={Hussain, Fatima and Hussain, Rasheed and Noye, Brett and Sharieh, Salah},
  journal={IT Professional}, 
  title={Enterprise API Security and GDPR Compliance: Design and Implementation Perspective}, 
  year={2020},
  volume={22},
  number={5},
  pages={81-89},
  keywords={General Data Protection Regulation;Logic gates;Authorization;Enterprise resource planning;Authentication},
  doi={10.1109/MITP.2020.2973852}}



@online{ paper-efficient-backend-development-with-spring-boot,
    title = {Efficient Backend Development with Spring Boot:
A Comprehensive Overview},
    author = {Sushmita C. Hubli, Dr. R.C. Jaiswal},
    url = {https://www.ijraset.com/best-journal/efficient-backend-development-with-spring-boot-a-comprehensive-overview},
    organization = {International Journal for Research in Applied Science & Engineering},
    note = {November 2023 Veröffentlicht}
}

@online{ masterthesis-efficiency-and-reliability-of-backend-technologies,
    title = {THE EFFICIENCY AND RELIABILITY OF BACKEND TECHNOLOGIES: EXPRESS, DJANGO, ANDSPRING BOOT},
    author = {Dominik Choma, Kinga Chwaleba, Mariusz Dzieńkowski},
    url = {https://ph.pollub.pl/index.php/iapgos/article/view/4279/4297},
    organization = {Lublin University of Technology, Department of Computer Science},
    note = {27.11.2024 Veröffentlicht}
}

@online{ wiki-backend,
    title = {Was ist Backend? - IT Lexikon},
    author = {SYNAXON AG},
    url = {https://it-service.network/it-lexikon/backend/},
    organization = {SYNAXON AG},
    note = {12.11.2024}
}

@INPROCEEDINGS{paper-microservice-vs-monolithic,
  author={Gos, Konrad and Zabierowski, Wojciech},
  booktitle={2020 IEEE XVIth International Conference on the Perspective Technologies and Methods in MEMS Design (MEMSTECH)}, 
  title={The Comparison of Microservice and Monolithic Architecture}, 
  year={2020},
  volume={},
  number={},
  pages={150-153},
  keywords={Micromechanical devices;Java;Software architecture;Design methodology;Conferences;Computer architecture;Software;monolith;microservice;architecture;spring;java},
  doi={10.1109/MEMSTECH49584.2020.9109514}

}

@online{ website-atlassian-microservice-vs-monolothic,
    title = {Microservices vs. monolithic architecture},
    author = {Chandler Harris},
    url = {https://www.atlassian.com/microservices/microservices-architecture/microservices-vs-monolith},
    organization = {Atlassian},
    note = {12.11.2024}
}

@online{ wiki-deployment,
    title = {Softwareverteilung},
    author = {Wikipedia Autor},
    url = {https://de.wikipedia.org/wiki/Softwareverteilung},
    organization = {Wikipedia},
    note = {12.11.2024}
}

@online{ stats-google-microservice-trend,
    title = {"microservices" - Google Trends},
    author = {Google},
    url = {https://trends.google.com/trends/explore?date=all&q=microservices&hl=en},
    organization = {Google},
    note = {12.11.2024}
}

@online{ wiki-api,
    title = {Programmierschnittstelle},
    author = {Wikipedia Autor},
    url = {https://de.wikipedia.org/wiki/Programmierschnittstelle},
    organization = {Wikipedia},
    note = {13.11.2024}
}

@online{ deepl-trans-interface,
    title = {mfellner@student.tgm.ac.at: Übersetzung Englisch zu Deutsch: An interface is a well-defined entry point into a system},
    author = {DeepL},
    url = {https://deepl.com},
    organization = {DeepL},
    note = {am 13.11.2024}
}

@online{ wiki-homogen,
    title = {Homogenität},
    author = {Wikipedia Autor},
    url = {https://de.wikipedia.org/wiki/Homogenit%C3%A4t},
    organization = {Wikipedia},
    note = {13.11.2024}
}

@online{ wiki-rest,
    title = {Representational State Transfer},
    author = {Wikipedia Autor},
    url = {https://de.wikipedia.org/wiki/Representational_State_Transfer},
    organization = {Wikipedia},
    note = {13.11.2024}
}

@online{ wiki-soap,
    title = {SOAP},
    author = {Wikipedia Autor},
    url = {https://de.wikipedia.org/wiki/SOAP},
    organization = {Wikipedia},
    note = {13.11.2024}
}

@online{ wiki-rpc,
    title = {RPC},
    author = {Wikipedia Autor},
    url = {https://de.wikipedia.org/wiki/Remote_Procedure_Call},
    organization = {Wikipedia},
    note = {13.11.2024}
}

@online{ paper-soap,
    title = {SOAP Processing Performance and Enhancement},
    author = {Joe M. Tekli Ernesto Damiani Richard Chbeir Gabriele Gianini},
    url = {https://ieeexplore.ieee.org/abstract/document/5719596},
    organization = {Institute of Electrical and Electronics Engineers (IEEE)},
    note = {Jänner 2011 Veröffentlicht}
}

@online{ doktorarbeit-rest,
    title = {Architectural Styles and the Design of Network-based Software Architectures},
    author = {Roy Thomas Fielding},
    url = {https://ics.uci.edu/~fielding/pubs/dissertation/fielding_dissertation.pdf},
    organization = {University of California},
    note = {2000 Veröffentlicht}
}

@online { website-http-req-body,
    title = {Request Body},
    author = {FastAPI},
    url = {https://fastapi.tiangolo.com/tutorial/body/},
    organization = {FastAPI},
    note = {13.11.2024}
}

@online { website-http-idempotent,
    title = {Idempotent},
    author = {Mozilla},
    url = {https://developer.mozilla.org/de/docs/Glossary/Idempotent},
    organization = {Mozilla},
    note = {13.11.2024}
}

@online { website-web-url,
    title = {URL},
    author = {Mozilla},
    url = {https://developer.mozilla.org/de/docs/Glossary/URL},
    organization = {Mozilla},
    note = {13.11.2024}
}

@online{ prompt-gpt-rest,
    title = {mfellner@tutanota.com: Fasse mir die grundlegenden REST-Prinzipien Uniform Interface, Cacheable und Layered System von der folgenden Website zusammen: https://www.geeksforgeeks.org/rest-api-architectural-constraints/},
    author = {ChatGPT 4o},
    url = {https://chatgpt.com},
    organization = {OpenAI},
    note = {am 13.11.2024}
}

@online{ wiki-hateoas,
    title = {HATEOAS},
    author = {Wikipedia Autor},
    url = {https://de.wikipedia.org/wiki/HATEOAS},
    organization = {Wikipedia},
    note = {13.11.2024}
}

@online{ wiki-uuid,
    title = {Universally Unique Identifier},
    author = {Wikipedia Autor},
    url = {https://de.wikipedia.org/wiki/Universally_Unique_Identifier},
    organization = {Wikipedia},
    note = {14.11.2024}
}


@online{ wiki-ddos,
    title = {Denial of Service},
    author = {Wikipedia Autor},
    url = {https://de.wikipedia.org/wiki/Denial_of_Service},
    organization = {Wikipedia},
    note = {14.11.2024}
}

@online{ wiki-tls-ssl,
    title = {Transport Layer Security},
    author = {Wikipedia Autor},
    url = {https://de.wikipedia.org/wiki/Transport_Layer_Security},
    organization = {Wikipedia},
    note = {14.11.2024}
}

@online{ wiki-sql,
    title = {SQL},
    author = {Wikipedia Autor},
    url = {https://de.wikipedia.org/wiki/SQL},
    organization = {Wikipedia},
    note = {14.11.2024}
}

@online{website-spring_rest,
  author       = {Spring.io},
  title        = {Building a RESTful Web Service},
  url          = {https://spring.io/guides/gs/rest-service},
  note         = {20.10.2024}
}

@online{website-spring_security,
  author       = {Spring.io},
  title        = {Spring Security},
  url          = {https://spring.io/projects/spring-security},
  note         = {20.10.2024}
}

@online{website-spring_async,
  author       = {Spring.io},
  title        = {Creating Asynchronous Methods},
  url          = {https://spring.io/guides/gs/async-method},
  note         = {20.10.2024}
}

@online{website-spring_caching,
  author       = {Spring.io},
  title        = {Caching Data with Spring},
  url          = {https://spring.io/guides/gs/caching},
  note         = {20.10.2024}
}

@online{website-logback_project,
  author       = {Logback.qos.ch},
  title        = {Logback Project},
  url          = {https://logback.qos.ch/},
  note         = {20.10.2024}
}

@online{website-slf4j,
  author       = {SLF4J.org},
  title        = {Simple Logging Facade for Java (SLF4J)},
  url          = {https://www.slf4j.org/},
  note         = {20.10.2024}
}

@online{website-prometheus,
  author       = {Prometheus.io},
  title        = {From metrics to insight - Power your metrics and alerting with the leading open-source monitoring solution},
  url          = {https://prometheus.io/},
  note         = {20.10.2024}
}

@online{website-grafana,
  author       = {Grafana.com},
  title        = {Your single or first pane of glass - Visualize \& monitor almost anything},
  url          = {https://grafana.com/},
  note         = {20.10.2024}
}

@online{website-spring_monitoring,
  author       = {Docs.spring.io},
  title        = {Monitoring and Management Over HTTP},
  url          = {https://docs.spring.io/spring-boot/reference/actuator/monitoring.html},
  note         = {20.10.2024}
}

@online{website-mockito,
  author       = {Mockito.org},
  title        = {Tasty mocking framework for unit tests in Java},
  url          = {https://site.mockito.org/},
  note         = {20.10.2024}
}

@online{website-django,
    author = {Django Software Foundation},
    title = {Django - The web framework for perfectionists with deadlines.},
    url = {https://www.djangoproject.com/},
    note = {06.12.2024}
}

@online{wiki-sql-injection,
    author = {Wikipedia Autor},
    title = {SQL-Injection},
    url = {https://de.wikipedia.org/wiki/SQL-Injection},
    note = {06.12.2024}
}

@online{wiki-xss-attack,
    author = {Wikipedia Autor},
    title = {Cross-Site-Scripting},
    url = {https://de.wikipedia.org/wiki/Cross-Site-Scripting},
    note = {06.12.2024}
}

@online{wiki-cache,
    author = {Wikipedia Autor},
    title = {Cache},
    url = {https://de.wikipedia.org/wiki/Cache},
    note = {07.12.2024}
}

@online{website-stackoverflow-django,
    author = {Stackoverflow},
    title = {Django questions - Stackoverflow},
    url = {https://stackoverflow.com/questions/tagged/django},
    note = {07.12.2024}
}

@online{website-flask,
    author = {Pallets},
    title = {Flask},
    url = {https://flask.palletsprojects.com/en/stable/},
    note = {07.12.2024}
}

@online{website-stackoverflow-flask,
    author = {Stackoverflow},
    title = {Flask questions - Stackoverflow},
    url = {https://stackoverflow.com/questions/tagged/flask},
    note = {07.12.2024}
}

@online{website-django-rest-framework,
    author = {Encode OSS Ltd.},
    title = {Django Rest-Framework},
    url = {https://www.django-rest-framework.org/},
    note = {07.12.2024}
}

@online{website-api-first-architektur,
    author = {Kerry Doyle},
    title = {Was für einen API-first-Ansatz bei der Entwicklung spricht},
    url = {https://www.computerweekly.com/de/tipp/Warum-ein-API-first-Ansatz-in-der-Entwicklung-zeitgemaess-ist},
    note = {07.12.2024}
}

@online{website-expressjs,
    author = {OpenJS Foundation},
    title = {Express - Node.js web application framework},
    url = {https://expressjs.com/},
    note = {07.12.2024}
}

@online{website-springboot,
    author = {VMware Tanzu},
    title = {Spring Boot},
    url = {https://spring.io/projects/spring-boot},
    note = {07.12.2024}
}

@online{website-stackoverflow-expressjs,
    author = {Stackoverflow},
    title = {ExpressJS questions - Stackoverflow},
    url = {https://stackoverflow.com/questions/tagged/expressjs},
    note = {07.12.2024}
}

@online{website-spring-initializr,
    author = {Broadcom},
    title = {Spring initializr},
    url = {https://start.spring.io/},
    note = {07.12.2024}
}

@online{wiki-service-orientated,
    author = {Wikipedia Autor},
    title = {Serviceorientierte Architektur},
    url = {https://de.wikipedia.org/wiki/Serviceorientierte_Architektur},
    note = {07.12.2024}
}

@online{website-spring-security,
    author = {Broadcom},
    title = {Spring Security},
    url = {https://spring.io/projects/spring-security},
    note = {07.12.2024}
}

@online{website-stackoverflow-spring-boot,
    author = {Stackoverflow},
    title = {Spring Boot questions - Stackoverflow},
    url = {https://stackoverflow.com/questions/tagged/spring},
    note = {07.12.2024}
}

@online{website-django-admin,
    author = {Encode OSS Ltd.},
    title = {django-admin and manage.py},
    url = {https://docs.djangoproject.com/en/5.1/ref/django-admin/},
    note = {03.01.2025}
}

@online{website-npm,
    author = {npm Inc.},
    title = {npm | Home},
    url = {https://www.npmjs.com/},
    note = {03.01.2025}
}

@online{website-expressjs-generator,
    author = {OpenJs Foundation},
    title = {Express application generator},
    url = {https://expressjs.com/en/starter/generator.html},
    note = {03.01.2025}
}

@online{website-expressjs-body-parser-lib,
    author = {OpenJs Foundation},
    title = {body-parser},
    url = {https://expressjs.com/en/resources/middleware/body-parser.html},
    note = {03.01.2025}
}

@online{prompt-gpt-kurzfassung,
    author = {ChatGPT},
    title = {schreibe mir diesen Text, sodass er eine kurzfassende beschreibung des Diplomprojektes ist: 
Dieses Projekt entstand in Zusammenarbeit mit der Kurzzeitsvermietungs Firma Equilibira GmbH im Zuge der Diplomarbeit der Schüler Fellner, Megahed, Sailer und Pollak am technologischen gerwerbe museum im 20. Wiener gemeindebezirk. 
Das Ziel des Projektes besteht darin, dem Unternehmen den Prozess des Datenerhalts der Mieter und das Abrufen genannter Daten effizienter zu gestallten. Aktuell geschieht dies mittels Messsager Diensten, welche nicht nur die Kommunikation sondern auch die Datenspeicherung komplizierter machen. 
Das Projekt besteht also darin Online Formular zu erstellen, welche die Daten auf richtigkeit checkt und diese Anschließend langfristig speichert und Buchungsprotokolle ausgeben kann und alle Buchungen und Details übersichtlich angezeigt bekommen kann.},
    url = {https://chatgpt.com},
    note = {04.04.2025}
}


@online{prompt-gpt-list-to-text-individual,
    author = {ChatGPT Academic Assistant Pro - by siribot.cn},
    title = {Diplomarbeit, HTL, 5. Jahrgang IT, State of the Art. Gib mir die einzelnen Stichpunkten der Technologien im Fließtext wider: [Vergleich der Technologien als pure Liste]},
    url = {https://chatgpt.com},
    note = {03.01.2025}
}

@online{prompt-gpt-google-sheets-to-table,
    author = {ChatGPT 4o, OpenAI},
    title = {Wandle mir die folgenden Google Sheets Tabellen so 1:1 in LaTex format um: https://docs.google.com/spreadsheets/d/1wz8caCFCme7XD03GOlzrRwDCcUut41IN8O244o6G66I/edit?usp=sharing},
    url = {https://chatgpt.com},
    note = {03.01.2025}
}

@online{website-docker,
    author = {Docker Inc.},
    title = {Docker: Accelerated Container Application Development},
    url = {https://www.docker.com/},
    note = {07.01.2025}
}

@online{website-json-definition,
    author = {JSON},
    title = {Einführung in JSON},
    url = {https://www.json.org/json-de.html},
    note = {07.01.2025}
}

@online{website-popular-backend-framework,
    author = {Lionel Sujay Vailshery},
    title = {Most used web frameworks among developers worldwide, as of 2024},
    url = {https://www.statista.com/statistics/1124699/worldwide-developer-survey-most-used-frameworks-web/},
    note = {08.01.2025}
}

@online{website-django-functionality-summary,
    author = {Mozilla Web Docs},
    title = {Django introduction},
    url = {https://developer.mozilla.org/en-US/docs/Learn_web_development/Extensions/Server-side/Django/Introduction},
    note = {08.01.2025}
}

@online{website-django-security-summary,
    author = {Django Software Foundation},
    title = {Security in Django},
    url = {https://docs.djangoproject.com/en/5.1/topics/security/},
    note = {08.01.2025}
}

@online{website-django-caching,
    author = {Django Software Foundation},
    title = {Django’s cache framework},
    url = {https://docs.djangoproject.com/en/5.1/topics/cache/},
    note = {08.01.2025}
}

@online{website-django-docs,
    author = {Django Software Foundation},
    title = {Django documentation},
    url = {https://docs.djangoproject.com/en/5.1/},
    note = {08.01.2025}
}

@online{website-flask-overview,
    author = {Pallets},
    title = {Welcome to Flask},
    url = {https://flask.palletsprojects.com/en/stable/},
    note = {08.01.2025}
}

@online{website-flask-tutorial,
    author = {Pallets},
    title = {Tutorial},
    url = {https://flask.palletsprojects.com/en/stable/tutorial/},
    note = {08.01.2025}
}

@online{website-flask-security,
    author = {Pallets},
    title = {Welcome to Flask-Security},
    url = {https://flask-security-too.readthedocs.io/en/stable/},
    note = {08.01.2025}
}

@online{website-express-scaling,
    author = {Site 24x7},
    title = {Best Practices for Scaling Node.js Apps: The Best Solution in Hand},
    url = {https://www.site24x7.com/learn/scaling-node-js-application.html},
    note = {08.01.2025}
}

@online{website-express-security,
    author = {OpenJS Foundation},
    title = {Production Best Practices: Security},
    url = {https://expressjs.com/en/advanced/best-practice-security.html},
    note = {08.01.2025}
}

@online{website-spring-scaling,
    author = {Sai Komal Pendela},
    title = {Scaling Spring Boot Applications},
    url = {https://medium.com/javarevisited/scaling-spring-boot-applications-from-zero-to-hero-best-practices-and-techniques-to-29d950e15d3e},
    note = {08.01.2025}
}

@online{website-security-industry-standards,
    author = {Alex Berdyshev},
    title = {Software Development Security Standards},
    url = {https://hivex.tech/blog/software-development-security-standards-a-complete-guide/},
    note = {08.01.2025}
}

@online{website-spring-docs,
    author = {Broadcom},
    title = {Documentation Overview},
    url = {https://docs.spring.io/spring-boot/documentation.html},
    note = {08.01.2025}
}

@online{website-git-backend-repo,
    author = {Equilibria Sharing Diplomprojekt},
    title = {Equilibria Sharing Backend},
    url = {https://github.com/Equilibria-sharing-DP/equilibria-sharing_backend},
    note = {26.02.2025}
}

@online{website-github,
    author = {Github Inc.},
    title = {Github},
    url = {https://github.com},
    note = {26.02.2025}
}

@online{website-jpa,
    author = {Jakarta EE},
    title = {Jakarta Persistence API},
    url = {https://jakarta.ee/specifications/persistence/},
    note = {09.03.2025}
}

@online{prompt-gpt-crud-summary,
    title = {mfellner@tutanota.com: Gib mir eine kurze und bündige zusammenfassung zu CRUD},
    author = {ChatGPT 4o},
    url = {https://chatgpt.com},
    organization = {OpenAI},
    note = {am 09.03.2025}
}

@online{prompt-gpt-jpa-summary,
    title = {mfellner@tutanota.com: Gib mir eine kurze und bündige zusammenfassung zur Jakarta Persistence API (JPA)},
    author = {ChatGPT 4o},
    url = {https://chatgpt.com},
    organization = {OpenAI},
    note = {am 09.03.2025}
}

@online{website-spring-dependency-injection,
    author = {Broadcom},
    title = {Spring Boot Dependency Injection},
    url = {https://docs.spring.io/spring-framework/reference/core/beans/dependencies/factory-collaborators.html},
    note = {14.03.2025}
}

@online{website-github-backend-example-booking-post,
    author = {Manuel Fellner},
    title = {Beispiel-Anfrage für die Erstellung einer neuen Buchung},
    url = {https://github.com/Equilibria-sharing-DP/equilibria-sharing_backend/blob/develop/src/main/resources/example_post_from_frontend.json},
    note = {14.03.2025}
}

@online{website-postman,
    author = {Postman},
    title = {Postman},
    url = {https://www.postman.com},
    note = {14.03.2025}
}

@online{website-github-backend-example-accommodation-post,
    author = {Manuel Fellner},
    title = {Beispiel-Anfrage für die Erstellung einer neuen Unterkunft (Accommodation)},
    url = {https://github.com/Equilibria-sharing-DP/equilibria-sharing_backend/blob/develop/docs/API-doc.md#1-unterkunft-erstellen},
    note = {15.03.2025}
}

@online{prompt-gpt-cors-summary,
    title = {mfellner@tutanota.com: Gib mir eine kurze Zusammenfassung von CORS (für Glossar Eintrag)},
    author = {ChatGPT 4o},
    url = {https://chatgpt.com},
    organization = {OpenAI},
    note = {am 09.03.2025}
}

@online{prompt-gpt-authentication-implementation,
    title = {mfellner@tutanota.com: Diplomarbeit, HTL 5. Jahrgang IT. Ich bin gerade dabei, meinen technischen Implementierungsteil für mein Diplomprojekt zu schreiben. Bis jetzt habe ich das folgende: (bisherige Fortschritte im Implementierungsteil in LaTex). Für den Code siehe: https://github.com/Equilibria-sharing-DP/equilibria-sharing_backend. Nun möchte ich von dir:
Schreib mir den teil "subsection{Authentifizierung und Autorisierung}" zum Großteil selbstständig. Die notwendigen Quellcode-Files habe ich dir gegeben. Verwende diese auch in Abbildungen so oft wie es geht (Zeilen-Limit pro Abbildung 5-8max!) und erkläre den Code gut.},
    author = {ChatGPT 4o},
    url = {https://chatgpt.com},
    organization = {OpenAI},
    note = {am 15.03.2025}
}

@online{prompt-gpt-csrf-summary,
    title = {mfellner@tutanota.com: Gib mir eine kurze Zusammenfassung von CSRF (für Glossar Eintrag)},
    author = {ChatGPT 4o},
    url = {https://chatgpt.com},
    organization = {OpenAI},
    note = {am 09.03.2025}
}

@online{website-csrf-explanation,
    author = {BrightSec},
    title = {What is CSRF? Impact and Prevention},
    url = {https://brightsec.com/blog/cross-site-request-forgery-csrf/},
    note = {15.03.2025}
}

@online{prompt-gpt-datenschutz-implementation,
    title = {mfellner@tutanota.com: Diplomarbeit, HTL 5. Jahrgang IT. Ich bin gerade dabei, meinen technischen Implementierungsteil für mein Diplomprojekt zu schreiben. Bis jetzt habe ich das folgende: (bisherige Fortschritte im Implementierungsteil in LaTex). Für den Code siehe: https://github.com/Equilibria-sharing-DP/equilibria-sharing_backend. 
    Was könnte ich bei meiner implementierung in der diplomarbeit bei den folgenden Punkten schreiben: subsection{Datenschutz und Sicherheit} Speicherung und Schutz sensibler Daten: Verwendung der AccessLog und LoginLog-Klassen für die Protokollierung, Schutz personenbezogene Daten: Maßnahmen zur Einhaltung der DSGVO
. Zugriffskontrollen: Beispielhafter Einsatz von Rollen und Berechtigungen},
    author = {ChatGPT 4o},
    url = {https://chatgpt.com},
    organization = {OpenAI},
    note = {am 15.03.2025}
}

@online{prompt-gpt-reflexion-implementation,
    title = {mfellner@tutanota.com: Diplomarbeit, HTL 5. Jahrgang IT. Ich bin gerade dabei, meinen technischen Implementierungsteil für mein Diplomprojekt zu schreiben. Bis jetzt habe ich das folgende: (bisherige Fortschritte im Implementierungsteil in LaTex). Für den Code siehe: https://github.com/Equilibria-sharing-DP/equilibria-sharing_backend. Schreib mir aufgrund der folgenden Implementierung eine Zusammenfassung, welche im am Ende im Dokument angeben kann.},
    author = {ChatGPT 4o},
    url = {https://chatgpt.com},
    organization = {OpenAI},
    note = {am 15.03.2025}
}

@online{prompt-gpt-jwt-summary,
    title = {mfellner@tutanota.com: Gib mir eine kurze Zusammenfassung von JWT (für Glossar Eintrag)},
    author = {ChatGPT 4o},
    url = {https://chatgpt.com},
    organization = {OpenAI},
    note = {am 09.03.2025}
}

@online{prompt-gpt-dependency-injection-summary,
    title = {mfellner@tutanota.com: Gib mir eine kurze Zusammenfassung von Dependency Injection bei Sring Boot (für Glossar Eintrag)},
    author = {ChatGPT 4o},
    url = {https://chatgpt.com},
    organization = {OpenAI},
    note = {am 09.03.2025}
}

@online{deepl-abstract,
    title = {mfellner@student.tgm.ac.at: Übersetzung Englisch zu Deutsch: [Deutsches Abstract]},
    author = {DeepL},
    url = {https://deepl.com},
    organization = {DeepL},
    note = {am 05.04.2025}
}

@online{website-performance-spring-boot-vs-django,
    title = {Benchmarking Django vs Spring Bopot: A comparative study},
    author = {Shreyash vardhan},
    url = {https://medium.com/codex/benchmarking-django-vs-spring-boot-a-comparative-study-e233dcb047c2},
    organization = {Medium},
    note = {05.04.2025}
}

@online{prompt-gpt-write-danksagung,
    title = {mfellner@tutanota.com: Schreibe mir eine DEUTSCHE Danksagung für unsere Diplomarbeit, in der du die folgenden Personen involvierst:
           - Dipl.Ing.[FH] Mag. Christoph Brein-Kudlacek, Projektbetreuer, Unterstützung bei der generellen Organisation, Ideenfindung, technischen Umsetzung, schreiben der Arbeit
-  DI Dr. Alexandra POSEKANY für die Unterstützung bei den formalen Voraussetzungen der Diplomarbeit, dem Lehren der grundlagen des wissenschaftlichen Arbeitens, unterstützen bei LaTex Fehlern, klärung aller Fragen zwecks der formalen Voraussetzungen
-  Mag. Lea PRÜLLER für die Unterstützung bei der Überprüfung des sprachlichen Gebrauchs bei der Diplomarbeit sowie Unterstützung beim wissenschaftlichen Arbeiten
- Mag. Andreas König-Krch, geschäftsführer des Auftraggebers (Equilibra GmbH) für die Klarstellung aller Anforderungen, Unterstützung beim Projekt sowie der Angabe von Feedback bei der Präsentation des ersten Entwurfs
- Michael BORKO Bakk. für Unterstützung und generelle Vorbereitung für das schreiben der Diplomarbeit, unterstützte uns bei Planung der Machbarkeitsstudie sowie beim generellen Arbeiten mit LaTex },
    author = {ChatGPT 4o},
    url = {https://chatgpt.com},
    organization = {OpenAI},
    note = {am 05.04.2025}
}

@online{prompt-gpt-write-vorwort,
    title = {mfellner@tutanota.com: Erstelle ein Vorwot für die folgende Diplomarbeit. Erkläre dabei, was das Projekt generell darstellen soll und was in den einzelnen Kapiteln behandelt wird [aktuelle version der DA als PDF angehängt]},
    author = {ChatGPT 4o},
    url = {https://chatgpt.com},
    organization = {OpenAI},
    note = {am 05.04.2025}
}

@online{prompt-gpt-write-einleitung,
    title = {mfellner@tutanota.com: Schreib mir eine Einleitung für meine in deutsch formulierte Diplomarbeit. Den aktuellen Stand findest du im Anhang als PDF.},
    author = {ChatGPT 4o},
    url = {https://chatgpt.com},
    organization = {OpenAI},
    note = {am 05.04.2025}
}

@online{prompt-gpt-write-retrospektive,
    title = {mfellner@tutanota.com: Gib mir eine Beispiel-Struktur einer Retrospektive für meine in deutsch formulierte Diplomarbeit. Den aktuellen Stand findest du im Anhang als PDF.},
    author = {ChatGPT 4o},
    url = {https://chatgpt.com},
    organization = {OpenAI},
    note = {am 05.04.2025}
}


% Quellen von: Sebastian Sailer

%--------------------------------------------------------------------%
% Wiki

@online{ wiki:Persistenz,
	title = {Persistenz},
	author = {Wikipedia Authoren},
	url = {https://de.wikipedia.org/wiki/Persistenz_(Informatik)},
	organization = {Wikipedia},
    urldate = {2024-11-12},
}

@online{ wiki:Redundanz,
	title = {Redundanz},
	author = {wiki Authoren},
	url = {https://de.wikipedia.org/wiki/Redundanz_(Informationstheorie)},
	organization = {Wikipedia},
    urldate = {2024-11-12},
}

@online{ wiki:CRUD,
	title = {CRUD},
	author = {wiki Authoren},
	url = {https://de.wikipedia.org/wiki/CRUD},
	organization = {Wikipedia},
    urldate = {2024-11-12},
}

@online{ wiki:Open-Source,
	title = {Open-Source},
	author = {wiki Authoren},
	url = {https://de.wikipedia.org/wiki/Open_Source},
	organization = {Wikipedia},
    urldate = {2024-11-12},
}

@online{ wiki:Fork,
	title = {Fork},
	author = {wiki Authoren},
	url = {https://de.wikipedia.org/wiki/Abspaltung_(Softwareentwicklung)},
	organization = {Wikipedia},
    urldate = {2024-11-12},
}

@online{ wiki:aws,
	title = {AWS},
	author = {wiki Authoren},
	url = {https://de.wikipedia.org/wiki/Amazon_Web_Serviceswi)},
	organization = {Wikipedia},
    urldate = {2024-11-30},
}

@online{ wiki:normalformen,
	title = {Normalformen},
	author = {wiki Authoren},
	url = {https://de.wikipedia.org/wiki/Normalisierung_(Datenbank)},
	organization = {Wikipedia},
    urldate = {2025-01-07},
}

@online{ wiki:docker,
	title = {docker},
	author = {wiki Authoren},
	url = {https://de.wikipedia.org/wiki/Docker_(Software)},
	organization = {Wikipedia},
    urldate = {2025-02-25},
}




%--------------------------------------------------------------------%
% Bücher



@online{ Buch:GunterSaake,
	title = {Datenbanken Konzepte und Sprachen, 6. Auflage},
	author = {Gunter Saake, Kai-Uwe Sattler \& Andreas Heuer},
	url = {https://www.mitp.de/IT-WEB/Datenbanken/Datenbanken-Konzepte-und-Sprachen-oxid.html},
	organization = {mitp},
}

@online{ Buch:EdwinSchicker,
	title = {Datenbanken und SQL, 3. Auflage},
	author = {Edwin Schicker},
	url = {https://link.springer.com/book/10.1007/978-3-658-16129-3},
	organization = {Teubner},
}
@online{ Buch:AndreasMaier,
	title = {SQL- \& NoSQL- Datenbanken, 8. Auflage},
	author = {Andreas Maier und Michael Kaufmann},
	url = {https://www.buecher-stierle.at/item/11495082},
	organization = {Springer Viewg},
}
@online{ Buch:PierreMavro,
	title = {MariaDB High Performance},
	author = {Pierre Mavro},
	url = {https://books.google.at/books?hl=de&lr=&id=QWOZBAAAQBAJ&oi=fnd&pg=PT17&dq=mariadb+advantages&ots=Fyht2avNfQ&sig=WQdrN1ClKRq6H1FdhKdLFzDcd6g#v=onepage&q=mariadb%20advantages&f=false},
	organization = {PACKT Publishing},
}

%--------------------------------------------------------------------%
% Hersteller Seiten

@online{ MariaDB:MySQL,
	title = {MariaDB vs. MySQL},
	author = {Hersteller},
	url = { https://changestar.co.uk/app/uploads/2014/06/mariadb-vs-mysql.pdf},
	organization = {MariaDB},
    urldate = {2024-11-03},
}

@online{ MariaDB:Dokumentation,
	title = {MariaDB Doku},
	author = {MariaDB: Firma},
	url = { https://mariadb.com/kb/en/documentation/},
	organization = {MariaDB},
	urldate = {2024-11-03},
}
@online{ MariaDB:Intro,
	title = {MariaDB Intro},
	author = {Hersteller},
	url = {https://mariadb.org/de/},
	organization = {MariaDB},
    urldate = {2024-12-10},
}
@online{ DBMS:Comparison,
	title = {DBMS Comparison},
	author = {Hersteller},
	url = {https://mariadb.com/wp-content/uploads/2019/04/enterprise-database-comparison_whitepaper_1028.pdf},
	organization = {MariaDB},
    urldate = {2024-12-09},
}

@online{ MongoDB:MainPage,
	title = {MainPage},
	author = {Hersteller},
	url = {https://www.mongodb.com/},
	organization = {MongoDB},
    urldate = {2024-12-09},
}
@online{ MongoDB:Introduction,
	title = {Introduction Page},
	author = {Hersteller},
	url = {https://www.mongodb.com/docs/manual/introduction/},
	organization = {MongoDB},
    urldate = {2024-12-09},
}
@online{ MongoDB:Databases,
	title = {Detail Page},
	author = {Hersteller},
	url = {https://www.mongodb.com/products/platform/atlas-database},
	organization = {MongoDB},
    urldate = {2024-12-09},
}
@online{ MongoDB:JSON,
	title = {JSON Page},
	author = {Hersteller},
	url = {https://www.mongodb.com/resources/basics/json-and-bson},
	organization = {MongoDB},
    urldate = {2024-12-09},
}

@online{ PostgreSQL:Hersteller,
	title = {PSQL},
	author = {Hersteller},
	url = {https://www.postgresql.org/files/documentation/pdf/17/postgresql-17-A4.pdf},
	organization = {PostgreSQL},
    urldate = {2024-12-09},
}
@online{ PostgreSQL:Usage,
	title = {PSQL Usage},
	author = {Hersteller},
	url = {https://www.postgresql.org/support/professional_support/europe/},
	organization = {PostgreSQL},
    urldate = {2024-12-09},
}


@online{ Amazon:S3,
	title = {S3},
	author = {Hersteller},
	url = {https://aws.amazon.com/de/s3/},
	organization = {AWS},
    urldate = {2024-12-30},
}

@online{ Amazon:aurora,
	title = {Aurora},
	author = {Hersteller},
	url = {https://aws.amazon.com/rds/aurora/},
	organization = {AWS},
    urldate = {2024-12-30},
}

@online{ spring:repos,
	title = {Spring},
	author = {Hersteller},
	url = {https://docs.spring.io/spring-data/jpa/reference/jpa/query-methods.html},
	organization = {Spring},
    urldate = {2025-02-26},
}






%--------------------------------------------------------------------%
% Websiten


@online{ Statista:DBMS,
	title = {DBMSGraphic},
	author = {Petroc Taylor},
	url = {https://www.statista.com/statistics/809750/worldwide-popularity-ranking-database-management-systems/},
	organization = {Statista},
    urldate = {2024-12-09},
}


@online{ PostgreSQL:IBM,
	title = {IBM PSQL},
	author = {IBM},
	url = {https://www.ibm.com/de-de/topics/postgresql},
	organization = {IBM},
    urldate = {2024-12-09},
}

@online{ MSAccess:Comparison,
	title = {MsAccess Comparison},
	author = {db-engines},
	url = {https://db-engines.com/de/system/Microsoft+Access%3BPostgreSQL},
	organization = {db-engines},
    urldate = {2024-12-11},
    
}

@online{ aws:database-sharding,
	title = {Database-sharding},
	author = {Amazon},
	url = {https://aws.amazon.com/de/what-is/database-sharding/},
	organization = {Amazon},
    urldate = {2024-12-10},
}

@online{ Google:NoSQL,
	title = {NoSQL},
	author = {Google Authoren},
	url = {https://cloud.google.com/discover/what-is-nosql},
	organization = {Google},
    urldate = {2024-11-13},
}

@online{ IBM:PostgreSQL,
	title = {PostgreSQL},
	author = {IBM Authoren},
	url = {https://www.ibm.com/de-de/topics/postgresql},
	organization = {IBM},
    urldate = {2024-12-09},
}

@online{ SB:Database,
	title = {Database erstellung},
	author = {Karthikeya Tatavarthi},
	url = {https://www.baeldung.com/springboot-jpa-automatically-create-database-schema},
	organization = {baeldung},
    urldate = {2025-02-26},
}

@online{ git:Eq,
	title = {Equilibria GitHub},
	author = {Sailer & Fellner},
	url = {https://github.com/Equilibria-sharing-DP/equilibria-sharing_backend},
	organization = {GitHub},
    urldate = {2025-02-26},
}




%--------------------------------------------------------------------%
% Wort Definitionen 

@online{ Definition:Datenbank,
	title = {Definition des Wortes Datenbank},
	author = {Oxford Language},
	url = {https://languages.oup.com/google-dictionary-de/},
	organization = {Oxford Language},
    urldate = {2024-11-13},
}

@online{ Definition:Paradigmenwechsel,
	title = {Definition des Wortes Paradigmenwechsel},
	author = {Duden},
	url = {https://www.duden.de/rechtschreibung/Paradigmenwechsel},
	organization = {Duden},
    urldate = {2024-11-13},
}



%--------------------------------------------------------------------%
% Paper

@online{ Paper:performanceComparison,
	title = {A Study on Data Input and Output Performance Comparison of MongoDB and PostgreSQL in the Big Data Environment},
	author = {Min-Gyue Jung},
	url = {https://ieeexplore.ieee.org/document/7433710},
	organization = { 2015 8th International Conference on Database Theory and Application (DTA)},
    notes = {DOI: 10.1109/DTA.2015.14}
}

@online{ Paper:performanceComparisonMySQL,
	title = {A Comparison of Database Performance of MariaDB and MySQL with OLTP Workload},
	author = {Sasalak Tongkaw},
	url = {https://ieeexplore.ieee.org/document/7433710},
	organization = { 2016 IEEE Conference on Open Systems (ICOS)},
    notes = {10.1109/ICOS.2016.7881999}
}

@online{ Paper:Geschichte1,
	title = {IBM Relational Database Systems: The Early Years, Oct.-Dec. 2012},
	author = {Bradford W. Wade},
	url = {https://ieeexplore.ieee.org/document/6297962},
	organization = {IEEE Annals of the History of Computing},
    notes = {DOI: 10.1109/MAHC.2012.48},
}

@online{ Paper:Geschichte2,
	title = {The Relational Database and the Concept of the Information System,21 November 2012},
	author = {David Alan Grier},
	url = {https://ieeexplore.ieee.org/document/6359705},
	organization = {IEEE Annals of the History of Computing},
    notes = {DOI: 10.1109/MAHC.2012.70}
}

@online{ Paper:Geschichte3,
	title = {Guest Editors' Introduction: History of Database Management Systems,31 December 2009},
	author = {Burton Grad; Thomas J. Bergin},
	url = {https://ieeexplore.ieee.org/document/5370775},
	organization = {IEEE Annals of the History of Computing},
    notes = {DOI: 10.1109/MAHC.2009.99}
}

@online{ Paper:Geschichte4,
	title = {History Of Databases,December 2012},
	author = {Kristi Berg, Tom Seymour,Richa Goel},
	url = {https://www.researchgate.net/publication/298332910_History_Of_Databases},
	organization = {International Journal of Management \& Information Systems (IJMIS)},
    notes = {DOI:10.19030/ijmis.v17i1.7587}
}





%--------------------------------------------------------------------%
% ChatGPT


@online{ ChatGPT:PersistenzFormulierung,
    title = {ssailer@student.tgm.ac.at: Schreibe mir folgendes um: Persistenz ist in der Informatik ein Begriff für die längerfristige Speicherung von Daten, um diese in zukunfft zu benutzen oder etwa nach einnem neustart. dabei ist es wichtig, die Daten zuverlässig und langfristig zu speichern damit sie auch verfügbar bleiben.},
    author = {ChatGPT 4},
    url = {https://chatgpt.com},
    organization = {OpenAI},
    urldate = {2024-11-12},
}

@online{ ChatGPT:RedundanzFormulierung,
    title = {ssailer@student.tgm.ac.at: Fasse mir zusammen: Der Begriff der Redundanz beschreibt in der Informationstheorie diejenigen Informationen oder Daten, die in einer Informationsquelle mehrfach vorhanden sind. Eine Informationseinheit ist dann redundant, wenn sie ohne Informationsverlust weggelassen werden kann. Das Identifizieren und Entfernen solcher Redundanzen heißt Deduplikation.},
    author = {ChatGPT 4},
    url = {https://chatgpt.com},
    organization = {OpenAI},
    urldate = {2024-11-12},
}

@online{ ChatGPT:GeschichteDBS,
    title = {ssailer@student.tgm.ac.at: schreibe mir das um: Nachdem wir nun wissen, was ein Datenbanksystem ist, kommen wir zu ihrer Entstehung. Per Oxford Language Definition ist eine Datenbank, ein System zur Beschreibung, Speicherung und zum Abrufen von großen Datenmengen. Datenbanken gibt es nicht erst, seit dem es Computer gibt. Es gab sie schon lange davor, in Form von Bibliotheken, Geschäfts- und Krankenakten u. ä. Manche dieser damals entwickelten Konzepte werde heute noch von benutzt..},
    author = {ChatGPT 4},
    url = {https://chatgpt.com},
    organization = {OpenAI},
    urldate = {2024-11-13},
}

@online{ ChatGPT:rewrite1,
    title = {ssailer@student.tgm.ac.at: rewrite: Bei diesem Projekt liegt das Hauptaugenmerk auf der Performance, sowie auf der Skalierbarkeit um das Projekt auch in Zukunft erweitern zu können.},
    author = {ChatGPT 4},
    url = {https://chatgpt.com},
    organization = {OpenAI},
    urldate = {2025-01-07},
}

@online{ ChatGPT:table1,
    title = {ssailer@student.tgm.ac.at: Schreibe mir diese Tabelle in latex syntax + Bild der Nutzwertanalyse},
    author = {ChatGPT 4},
    url = {https://chatgpt.com},
    organization = {OpenAI},
    urldate = {2025-01-05},
}

@online{ ChatGPT:table2,
    title = {ssailer@student.tgm.ac.at: Schreibe mir diese Tabelle in latex syntax + Bild der Nutzwertanalyse},
    author = {ChatGPT 4},
    url = {https://chatgpt.com},
    organization = {OpenAI},
    urldate = {2025-01-05},
}

@online{ ChatGPT:rewrite2,
    title = {ssailer@student.tgm.ac.at: rewrite: Der Auftraggeber äußerte den Wunsch, so Kosteneffizient zu Arbeiten wie möglich sei. Daraufhin wurde beschlossen eine Open-Source-Lösung zu bevorzugen.},
    author = {ChatGPT 4},
    url = {https://chatgpt.com},
    organization = {OpenAI},
    urldate = {2025-01-07},
}

@online{ ChatGPT:rewrite3,
    title = {ssailer@student.tgm.ac.at: rewrite: MariaDB, eine ebenfalls weit verbreitete Open-Source-Datenbank, punktete mit ihrer starken Performance, auch wenn diese nicht ganz an die von MySQL herankommt \cite{Paper:performanceComparisonMySQL}, insbesondere bei lese-lastigen Anwendungen und einfachen Abfragen. },
    author = {ChatGPT 4},
    url = {https://chatgpt.com},
    organization = {OpenAI},
    urldate = {2025-01-07},
}

@online{ ChatGPT:rewrite4,
    title = {ssailer@student.tgm.ac.at: vereine mir die texte inhaltlich: vereine mir die texte inhaltlich: Basierend auf der Nutzwertanalyse und den spezifischen Anforderungen des Projekts erweist sich \textbf{MariaDB} als die am besten geeignete Wahl (siehe Tabelle 2). Sie bietet eine hervorragende Balance zwischen Performance, Skalierbarkeit und Kosten und kombiniert diese Eigenschaften mit den Vorteilen einer großen Community und kostenfreier Verfügbarkeit. PostgreSQL konnte ebenfalls mit starken Ergebnissen überzeugen und eignet sich besonders für komplexe relationale Abfragen. 
\noindent MongoDB zeigte seine Vorteile für spezifische Anwendungsfälle mit unstrukturierten Daten, insbesondere durch ihre hohe Flexibilität und Skalierbarkeit, welche allerdings in diesem Projekt nicht vonnöten sind. Amazon Aurora hingegen wurde aufgrund der hohen Kosten nicht priorisiert, obwohl sie eine exzellente Lösung für Cloud-native Anwendungen darstellt, die durch ihre ausgezeichnete Cloud-Integration und Zuverlässigkeit heraussticht.

\vspace{2mm} \noindent Die abschließende Bewertung durch die Nutzwertanalyse fasst die genannten Kriterien zusammen und \textbf{bestätigt MariaDB als die beste Wahl für dieses Projekt}, da sie eine solide und kosteneffiziente Lösung bietet, die die Anforderungen optimal erfüllt.
und 
Mit dem beschriebenen Konzept und den gewählten Technologien können Buchungsdaten effizient und \textbf{persistent} gespeichert und in \textbf{CSV-} und \textbf{PDF-Dateien} exportiert werden. Dieses System ist skalierbar und flexibel genug, um zukünftige Erweiterungen wie andere Exportformate (z. B. Excel) oder Filteroptionen zu unterstützen.},
    author = {ChatGPT 4},
    url = {https://chatgpt.com},
    organization = {OpenAI},
    urldate = {2025-01-08},
}


@online{ ChatGPT:docker,
    title = {ssailer@student.tgm.ac.at: erstelle mir ein beispiel docker file für eine spring boot application},
    author = {ChatGPT 4},
    url = {https://chatgpt.com},
    organization = {OpenAI},
    urldate = {2025-02-21},
}


% Quellen von: Sebastian Pollak



@online{reacthookform,
  title = {React Hook Form - Simple React forms validation},
  author = {React Hook Form},
  year = {2024},
  url = {https://react-hook-form.com/},
  urldate = {2024-12-30}
}

@online{reacthooks,
  title = {Hooks – React},
  author = {React},
  year = {2024},
  url = {https://react.dev/reference/react/hooks},
  urldate = {2024-12-30}
}

@online{formik,
  author       = {Jared Palmer and Formik Contributors},
  title        = {Formik: Build forms in React, without the tears},
  year         = {2025},
  url = {https://formik.org},
  urldate      = {2025-01-03}
}

@online{reactfinalform,
  author       = {Erik Rasmussen},
  title        = {React Final Form - The Best Way to Manage Form State in React},
  year         = {2025},
  url          = {https://final-form.org/},
  urldate      = {2025-01-08}
}

@online{zod,
  author       = {Colin McDonnell},
  title        = {Zod Documentation},
  year         = {2025},
  url          = {https://zod.dev/},
  urldate      = {2025-01-10}
}

@online{react_forms,
  author = {React Team},
  title = {Forms},
  url = {https://legacy.reactjs.org/docs/forms.html},
  year = {2025},
  urldate = {2025-01-11}
}

@online{react_uncontrolled_components,
  author = {React Team},
  title = {Uncontrolled Components},
  url = {https://legacy.reactjs.org/docs/uncontrolled-components.html},
  year         = {2025},
  urldate = {2025-01-11}
}

@online{reactHookFormVsFormik,
  author = {Brown, Memoye},
  title = {React Hook Form vs Formik: Which is Best for Your Next Project?},
  year = {2023},
  url = {https://medium.com/@brownmemoye/react-hook-form-vs-formik-which-is-best-for-your-next-project-649cd31dac4b},
  urldate = {2025-01-11}
}

@online{reactFinalFormLogrocket,
  author = {LogRocket Blog},
  title = {Build High-Performance Forms Using React Final Form},
  year = {2021},
  url = {https://blog.logrocket.com/build-high-performance-forms-using-react-final-form},
  urldate = {2025-01-11}
}

@online{controlled_inputs_diagram,
  author = {Dmitri Pavlutin},
  title = {Controlled Inputs Using React Hooks},
  year = {2020},
  url = {https://dmitripavlutin.com/controlled-inputs-using-react-hooks/},
  urldate = {2025-01-11}
}

@misc{shadcn_ui_form,
  author       = {shadcn},
  title        = {React Hook Form},
  url = {https://ui.shadcn.com/docs/components/form},
  urldate = {2025-01-12}
}


@misc{wikiDatavalidation,
  author = {Wikipedia},
  year = {2023},
  title = {Datenvalidierung},
  url = {https://de.wikipedia.org/w/index.php?title=Datenvalidierung&oldid=231406775},
  note = {[Online; Stand 19. November 2024]}
}

@techreport{DeVries2006,
  author = {Stephen de Vries},
  year = {2006},
  title = {A modular approach to data validation in web applications},
  type = {White Paper},
  institution = {Corsaire},
  month = {January},
  note = {Document Reference: A Modular Approach to Data Validation v1.0.doc, Document Revision: 1.0}
}

@book{jarrett2009forms,
  author = {Caroline Jarrett and Gerry Gaffney},
  year = {2009},
  title = {Forms that work: Designing web forms for usability},
  publisher = {Morgan Kaufmann}
}

@article{mifsud2011extensive,
  author = {Justin Mifsud},
  year = {2011},
  title = {An extensive guide to web form usability},
  journal = {Smashing Magazine}
}

@book{wroblewski2008web,
  author = {Luke Wroblewski},
  year = {2008},
  title = {Web form design: Filling in the blanks},
  publisher = {Rosenfeld Media}
}


%
% Prompts
%

@misc{prompt1_pollak,
  author = {Perplexity},
  title = {Standard},
  howpublished = {spollak@student.tgm.ac.at},
  note = {Prompt: "Ich bin Schüler an einer HTL in Österreich. Ich muss eine Literaturrecherche zum Thema Formularsysteme schreiben. Diese soll ca 5. Seiten lang sein. Welche Struktur würdes du empfehlen? Hier findest du die genaue Beschreibung von dem gesamten Projekt:

**Individuelle Themenstellung**

Beachte folgende Angabe:

Ziel dieses Kapitels der finalen Arbeit ist es, die theoretischen Grundlagen der individuellen Themenstellung zu erarbeiten und einen umfassenden Überblick über den aktuellen Stand der Forschung bzw. der Technik zu geben.

Aufgabenstellung:
Führe eine systematische Literaturrecherche durch, um 10 bis 15 relevante wissenschaftliche Publikationen bezogen auf deine individuelle Themenstellung zu identifizieren. Gehe dabei von allgemeiner zu spezialisierter Literatur vor. Valide Quellen sind auschlißelich wissenschaftliche Fachbücher, peer-reviewed Papers und Herstellerseiten.
Stelle den aktuellen Wissensstand in einem zusammenhängenden Text dar und beziehe dich dabei explizit auf mindestens 10 relevante Quellen. Hierfür soll zuerst in das Thema eingeführt werden und dabei auf die relevante Fachliteratur durch Zitate verwiesen werden
Führe dann eine Beschreibung der technischen Grundlagen und Methoden deiner individuellen Themenstellung durch. Für die Methodenbeschreibung soll wenigstens eine Grafik zur Erläuterung verwendet werden, die auch im Text referenziert und explizit beschrieben wird.
Formale Anforderungen:


Aufbau: Einleitung, Hauptteil (mit Unterkapiteln), Schlussfolgerung, Literaturverzeichnis
Abbildungen: Füge mindestens eine Grafik ein, die den Zusammenhang zwischen verschiedenen Konzepten oder die Entwicklung eines Forschungsbereichs veranschaulicht. Beschreibe diese Grafik ausführlich im Text."},
  date = {2024-11-13},
  keywords = {prompt}
}

@misc{prompt2_pollak,
  author = {Perplexity},
  title = {Standard},
  howpublished = {spollak@student.tgm.ac.at},
  note = {Prompt: "Wie kann ich Formulare am besten definieren?"},
  date = {2024-11-13},
  keywords = {prompt}
}

@misc{prompt3_pollak,
  author = {Perplexity},
  title = {Standard},
  howpublished = {spollak@student.tgm.ac.at},
  note = {Prompt: "Wie kann ich die Historische Entwicklung von Formularen am besten beschreiben. Gehe darauf ein wie sich damals händisch ausgeführt Prozesse Digitalisiert haben"},
  date = {2024-11-13},
  keywords = {prompt}
}

@misc{prompt4_pollak,
  author = {Perplexity},
  title = {Standard},
  howpublished = {spollak@student.tgm.ac.at},
  note = {Prompt: "Fasse in einem Satz zusammen warum es Wichtig ist sich über das Entwickeln von Formularen Gedanken zu machen. Begründe das mit dem Buch Web Form Design Filling in the blanks by: Luke Wroblewski"},
  date = {2024-11-13},
  keywords = {prompt}
}

@misc{prompt5_pollak,
  author = {Perplexity},
  title = {Standard},
  howpublished = {spollak@student.tgm.ac.at},
  note = {Prompt: "Formuliere folgenden Text um:
In dem Buch "Forms that Work: Designing Web Forms for Usability von Caroline Jarrett, Gerry Gaffney" wird eine Theorie beschrieben, die besagt, dass ein Formular immer aus den drei folgenden Ebenen besteht.
\textbackslash begin{enumerate}
    \textbackslash item \textbackslash textbf{Beziehung} Formulare etablieren eine Beziehung zwischen dem Nutzer und der Organisation.
    \textbackslash item \textbackslash textbf{Konversation} Sie ermöglichen einen Dialog zwischen dem Nutzer und der Organisation.
    \textbackslash item \textbackslash textbf{Erscheinungsbild} Durch ihr Aussehen prägen sie sowohl die Beziehung als auch die Konversation.
\textbackslash end{enumerate}
Der Benutzer bekommt immer alle 3 Ebenen gemeinsam zu spüren, wodurch alle gemeinsam passen müssen. Um ein Formular wirklich benutzerfreundlich zu gestalten, müssen alle drei Ebenen berücksichtigt werden."},
  date = {2024-11-13},
  keywords = {prompt}
}

@misc{prompt6_pollak,
  author = {Perplexity},
  title = {Standard},
  howpublished = {spollak@student.tgm.ac.at},
  note = {Prompt: "Fasse mir folgenden Text zu Datenvalidierung kurz zusammen:
Datenvalidierung in der Softwaretechnik bezeichnet die Prüfung von beispielsweise Benutzereingaben. Weil fehlende oder unbrauchbare Eingaben zu schwerwiegenden Fehlern innerhalb eines Programms führen können, sollten diese Werte vor einer Übernahme in ein Programm validiert werden.
Validierung versteht sich als Test auf Plausibilität (englisch Sanity Check), bei dem ein konkreter Wert darauf geprüft wird, ob er zu einem bestimmten Datentyp gehört oder in einem vorgegebenen Wertebereich oder einer vorgegebenen Wertemenge liegt. Viele Programmfehler und Sicherheitsprobleme sind auf fehlende Plausibilisierung von Eingabewerten zurückzuführen.

Für die Validierung gilt die goldene Regel: never trust the user ‚traue niemals dem Benutzer‘ (auch: Never trust a user input ‚traue niemals einer Benutzereingabe‘). Die Validierung von Werten kann an verschiedenen Punkten der Lebenszeit einer Software stattfinden:

Im Entwicklungsprozess: Während das Programm entsteht, sollten regelmäßig die einzelnen Funktionen und Module so genannten Unit-Tests unterzogen werden, die den Quellcode flächendeckend (Code Coverage Analysis) auf korrektes Verhalten überprüfen.
Bei der Übersetzung des Programmes: Einige Arten der Validierung können bereits von dem Compiler vorgenommen werden, insbesondere die Typsicherheit.
Durch die Laufzeitumgebung: Viele Programmiersprachen haben ein Laufzeitsystem, das bestimmte Arten von Fehlern selbständig erkennt; insbesondere der Zugriff auf nicht vorhandene Objekte wird von vielen modernen Systemen erkannt.
Zur Laufzeit: Alle Funktionen und Module sollten defensiv umgesetzt sein, sich also nicht darauf verlassen, dass sie korrekt verwendet werden. Das heißt, sie sollten, wenn sie mit falschen Parametern verwendet werden, sofort einen Fehler melden statt komplizierte Folgefehler zu riskieren (es gilt die Faustregel: Fail-Fast ‚schneller Abbruch‘). Hierfür eignet sich vor allem das Konzept der Ausnahmebehandlung. Bei falschen Parameterwerten, die nach Ansicht des Programmierers „eigentlich nie vorkommen dürfen“, kommen Assertions zum Einsatz.
Bei Benutzereingaben: hier gilt der Grundsatz „was sich überprüfen lässt, wird auch überprüft“. Bei ungültigen Eingaben wird die Fehlerbehandlung gestartet, eine Fehlermeldung ausgegeben und die Verarbeitung abgelehnt. Bei zweifelhaften Eingaben kann eine Warnung oder eine Bitte um Überprüfung durch den Anwender ausgegeben werden."},
  date = {2024-11-13},
  keywords = {prompt}
}

@misc{prompt7_pollak,
  author = {Perplexity},
  title = {Standard},
  howpublished = {spollak@student.tgm.ac.at},
  note = {Prompt: "Übersetze folgenden Satz und formuliere ihn um:
Parameter manipulation is a broad term to describe a group of vulnerabilities that can be exploited by changing client side supplied parameters which are treated as trusted data by the web application."},
  date = {2024-11-13},
  keywords = {prompt}
}

@misc{prompt8_pollak,
  author = {Perplexity},
  title = {Standard},
  howpublished = {spollak@student.tgm.ac.at},
  note = {Prompt: "Mache das gleiche für folgenden Text:
When data is processed it is passed to a program that operates in a particular processing context (Perl, PHP, SQL, HTML and the Unix shells are all examples of processing contexts).  This context has its own rules for distinguishing between data and commands.  This distinction is important from a security perspective because commands are issued from a trusted source, whereas data could be supplied from a non-trusted source.  Code injection attacks attempt to subvert this mechanism so that data is interpreted as commands.
Quellen"},
  date = {2024-11-13},
  keywords = {prompt}
}

@misc{prompt9_pollak,
  author = {Perplexity},
  title = {Standard},
  howpublished = {spollak@student.tgm.ac.at},
  note = {Prompt: "Schreibe folgenden Absatz um und verwende dabei das Wort Meta-charakter nicht:
But even if data is constrained in this way it does not solve the meta-character problem: How should the application handle meta-characters that are defined as valid data, but cannot be used in certain processing contexts?  For example, the single quote (') character may be a valid character in a surname, but this character cannot simply be used in a string that is used to form an SQL statement (See: Section 3.2.2 SQL Injection)."},
  date = {2024-11-13},
  keywords = {prompt}
}

@misc{prompt10_pollak,
  author = {Perplexity},
  title = {Standard},
  howpublished = {spollak@student.tgm.ac.at},
  note = {Prompt: "Führe folgende einführung für die state of the Art aus und verbessere die Formulierung:
        Folgend werde ich mich mit den derzeitig aktuellen Methoden beschäftigen, um Formulare und Formularvalidierung zu implementieren."},
  date = {2025-01-06},
  keywords = {prompt}
}

@misc{prompt11_pollak,
  author = {Perplexity},
  title = {Standard},
  howpublished = {spollak@student.tgm.ac.at},
  note = {Prompt: "Fülle mir folgende Struktur aus:
         \textbackslash subsection{React Hook Form}
            
                \textbackslash subsubsection{Funktionsweise und Architektur} 
                    \textbackslash paragraph{Performance-Optimierungen}
                    \textbackslash paragraph{Integration anderer Validierungsbibliotheken}
            
                \textbackslash subsubsection{Praktische Implementierung}"},
  date = {2025-01-06},
  keywords = {prompt}
}

@misc{prompt12_pollak,
  author = {Perplexity},
  title = {Standard},
  howpublished = {spollak@student.tgm.ac.at},
  note = {Prompt: "Fasse mir kurz zusammen was React Hooks sind anhand folgender Seite:
        https://react.dev/reference/react/hooks"},
  date = {2025-01-06},
  keywords = {prompt}
}

@misc{prompt13_pollak,
  author = {Perplexity},
  title = {Standard},
  howpublished = {spollak@student.tgm.ac.at},
  note = {Prompt: " Mittels welchen Technologien verbessert ReactHookForms die Perfomance"},
  date = {2025-01-06},
  keywords = {prompt}
}

@misc{prompt14_pollak,
  author = {Perplexity},
  title = {Standard},
  howpublished = {spollak@student.tgm.ac.at},
  note = {Prompt: "What is the diffenrece between Isolate Re-renders and Subscriptions"},
  date = {2025-01-06},
  keywords = {prompt}
}

@misc{prompt15_pollak,
  author = {OpenAI},
  title = {ChatGPT - WriteForMe},
  howpublished = {spollak@student.tgm.ac.at},
  note = {Prompt: "Ich habe folgenden Text für State Of the Art geschrieben:
            **React Hook Form Absatz**
    
            Formuliere einen inhaltlich ähnlichen für das Framework Formik"},
  date = {2025-01-09},
  keywords = {prompt}
}

@misc{prompt16_pollak,
  author = {Perplexity},
  title = {Standard},
  howpublished = {spollak@student.tgm.ac.at},
  note = {Prompt: "Formuliere einen inhaltlich ähnlichen für das Framework React Final Form. Verwende nur die Herstellerseite als quelle"},
  date = {2025-01-06},
  keywords = {prompt}
}

@misc{prompt17_pollak,
  author = {OpenAI},
  title = {ChatGPT-4o},
  howpublished = {spollak@student.tgm.ac.at},
  note = {Prompt: "Gebe mir ideen für die Kriterien der Nutzwertanalyse. Anhang: Damaliger Stand der State of the Art"},
  date = {2025-01-10},
  keywords = {prompt}
}

@misc{prompt18_pollak,
  author = {OpenAI},
  title = {ChatGPT - WriteForMe},
  howpublished = {spollak@student.tgm.ac.at},
  note = {Prompt: "Vergleiche React Hook Form, Formik und React Final Form in folgenden Kategorien:

        \textbackslash begin{enumerate}
            \textbackslash item \textbackslash textbf{Flexibilität und Anpassbarkeit(30\%)}  Die Möglichkeit, das Framework an spezifische Projektanforderungen anzupassen und komplexe Formularstrukturen zu unterstützen.
            \textbackslash item \textbackslash textbf{Integrationsflexibilität(25\%)} Die Fähigkeit, verschiedene Validierungsbibliotheken zu integrieren und mit anderen React-Komponenten zusammenzuarbeiten.
            \textbackslash item \textbackslash textbf{Entwicklerfreundlichkeit(20\%)} Die einfache Implementierung und klare API-Struktur sind entscheiden für die Produktivitöt
            \textbackslash item \textbackslash textbf{Performance(15\%)} Die Optimierung der Leistung, insbesondere durch Minimierung von Re-Renders, ist ein Hauptziel aller betrachteten Frameworks.
            \textbackslash item \textbackslash textbf{Community und Ökosystem(10\%)} Die Verfügbarkeit von Ressourcen, Dokumentation und Community-Support ist wichtig für die Entwicklung.
        \textbackslash end{enumerate}

        Begründe jede Bewertung sehr ausführlich.
        
        Bewertung erfolgt von 1 (sehr schlecht) bis 5 (sehr gut)"},
  date = {2025-01-11},
  keywords = {prompt}
}

@misc{prompt20_pollak,
  author = {OpenAI},
  title = {ChatGPT-4o},
  howpublished = {spollak@student.tgm.ac.at},
  note = {Prompt: "Ich bin 18 jähriger schüler an einer HTL in der Informationstechnologie. Ich schreibe gerade meine Diplomarbeit und brauche eine Struktur für das Konzept. Beschreibe das relevante Konzept für die Umsetzung der individuellen Themenstellung basierend auf den ausgewählten Techonologien.

        Ausgangslage 
        Die equilibria GmbH vermietet auf Airbnb Immobilien in Österreich und Italien. Gemäß den gesetzlichen Rahmenbedingungen muss das Unternehmen Daten der Gäste erheben.
        
        Aktuell werden diese Daten manuell via Messenger-Dienst von einem Mitarbeiter abgefragt, was zu Schwierigkeiten führen kann. Diese Vorgehensweise wirkt unseriös und die Daten werden nicht strukturiert übergeben.
        
        Individuelle Themenstellung:
        Aufgabe ist die Entwicklung eines Formularsystems zur Eingabe von Daten. Die Daten sollen dabei validiert und auf Vollständigkeit überprüft werden, bevor sie an das Backend gesendet werden.
        Sebastian Pollak wird die Entwicklung eines Formularsystems übernehmen. Dabei liegt der Fokus darauf, eine benutzerfreundliche und übersichtliche Oberfläche zu gestalten, die sich intuitiv bedienen lässt. Zudem wird darauf geachtet, dass das Design den Anforderungen der equilibria GmbH entspricht und im firmeneigenen Stil gehalten ist. Das Formular wird länderspezifische Eingabefelder enthalten, und durch passende Schnittstellen und Ansichten wird sichergestellt, dass Buchungsdaten und relevante Informationen schnell und unkompliziert erfasst werden können.
        Das Ergebnis der Arbeit ist ein benutzerfreundliches und übersichtliches Formular zur Dateneingabe, das den Anforderungen der equilibria GmbH entspricht. Die Oberfläche ist intuitiv bedienbar und im firmeneigenen Stil gehalten. Das Formular enthält für jedes Land die notwendigen Eingabefelder und ermöglicht durch passende Schnittstellen eine schnelle und unkomplizierte Erfassung von Buchungsdaten und relevanten Informationen. Validierung und Vollständigkeitsprüfung der Daten erfolgen vor der Weiterleitung an das Backend zur Verarbeitung."},
  date = {2025-01-12},
  keywords = {prompt}
}

@misc{prompt21_pollak,
  author = {OpenAI},
  title = {ChatGPT-4o},
  howpublished = {spollak@student.tgm.ac.at},
  note = {Prompt: " Überarbeite folgenden Absatz:

        Basierend auf der Machbarkeitstudie wurde sich entschieden, das von Mohammed Megahed ausgesuchte Frontend Framework mit dem von mir ausgesuchten Framework kombinieren. Es wird NextJS mit ShadcnUI in Verbindung mit React Hook Forms zu kombiniert. Für Validierungsschemate wird Zod verwendet, da dies wie in \textbackslash cite{shadcn\_ui\_form} zu sehen ist, die beste nahtlose Einbindung bietet. "},
  date = {2025-01-12},
  keywords = {prompt}
}

@misc{prompt22_pollak,
  author = {OpenAI},
  title = {ChatGPT-4o},
  howpublished = {spollak@student.tgm.ac.at},
  note = {Prompt: "Überarbeite folgenden Text:

        Um sich das Formular visuell vorstellen zu können, wurde ein Mockup erstellt. Dieses enthält alle Eingabefelder und Funktionen. Es soll, als Basis funktionieren, um die Umsetzung des fertigen Produkts zu erleichtern. "},
  date = {2025-01-12},
  keywords = {prompt}
}

@misc{prompt23_pollak,
  author = {OpenAI},
  title = {ChatGPT-4o},
  howpublished = {spollak@student.tgm.ac.at},
  note = {Prompt: "Überarbeite und führe folgenden Text so aus das es vom stil her passend zu einer Diplomarbeit eines 18 Jährigen HTL Schülers aus Österreich:

\textbackslash section{Überblick}
Alle relevanten Codeteile, sowie zusätzliche Dokumentationen sind im GitHub Repository verfügbar, das unter dem folgenden Verweis zugänglich ist: \textbackslash cite{equilibriaSharingFrontend}. In diesem Repository finden sich sowohl die Quellcodes für die Implementierung als auch ergänzende Dateien, die zur Dokumentation und
zum besseren Verständnis des Projekts beitragen.

\textbackslash subsection{Verwendete Technologien und Pakete}
Es wurde sich an den in der Machbarkeitsstudie gesetzten Technologischen Rahmen gehalten. Es wurde wie in \textbackslash ref{sec:technoglogischerRahmen} beschrieben Next.js und shadcn/ui in Verbindung mit React Hook Form verwendet. Für Validierungsschemata wurde Zod verwendet. 

\textbackslash subsection{Projektstruktur}
Das Frontend wurde in zwei Teile unterteilt, diese sind jedoch trotzdem in einem Projekt zu finden. Es wurde unterteilt in die Mitarbeiteransicht und in die Buchungs Registrierung-Ansicht. Also kommen wir folgend dazu wie dies im NextJS Projekt umgesetzt wurde.

\textbackslash subsubsection{Umsetzung}
In der verwendeten Version von NextJS gibt es einen "src" Ordner in dem im unterordner "app" die Seiten liegen und im components Ordner die Components liegen. Dies wurde bei uns so angepasst das es in beiden davon eine Unterteilung zwischen den beiden Ansichten gibt. Visualisiert schaut das folgend aus:
"},
  date = {2025-03-14},
  keywords = {prompt}
}

@misc{prompt24_pollak,
  author = {OpenAI},
  title = {ChatGPT-4o},
  howpublished = {spollak@student.tgm.ac.at},
  note = {Prompt: "Überarbeite und führe folgenden Text so aus das es vom stil her passend zu einer Diplomarbeit eines 18 Jährigen HTL Schülers aus Österreich: Das Formularsystem besteht laut Lastenheft aus zwei Formularen die die Daten passend zu den Rechtlichen Anforderungen jedes Landes erfassen. In diesem Fall wären das die Länder Österreich und Italien. Es wuden zwei Komponenten entwickelt die nur so voneinander Abweichen das die gewünschten Daten erfasst werden. Die Seite "tenantRegistration" fragt dann anhand der Adresse des Apartments, ab welches der beiden Formulare angezeigt werden muss."},
  date = {2025-03-14},
  keywords = {prompt}
}

@misc{prompt25_pollak,
  author = {OpenAI},
  title = {ChatGPT-4o},
  howpublished = {spollak@student.tgm.ac.at},
  note = {Prompt: "Definiere das Schema von Next.js Komponenten. Also der Code eines Komponenten. Unterteile die einzelnen Teile in Text und Code"},
  date = {2025-03-14},
  keywords = {prompt}
}

@misc{prompt26_pollak,
  author = {OpenAI},
  title = {ChatGPT-4o},
  howpublished = {spollak@student.tgm.ac.at},
  note = {Prompt: "Fasse kurz folgendes Layout zusammen. Ohne lange codeboxen zu verwenden: [CODE FROM /src/app/tenantRegistration/page.tsx]"},
  date = {2025-03-14},
  keywords = {prompt}
}

@misc{prompt27_pollak,
  author = {Perplexity},
  title = {Standard},
  howpublished = {spollak@student.tgm.ac.at},
  note = {Prompt: "
Ich schreibe meine Diplomarbeit für meinen HTL abschluss in Österreich.

Füge zum Teil der Implementierung ein Resultate und eine Reflextion hinzu basierend auf folgenden Informationen:
Ergebnis
Ziele Relativ gut erreich
Herausforderungen
Usability kann immer verbessert werden
Validierungen teilweise noch verbuggt
Ausblick
Sicherheitstechnisch: URL Parameter
verbesserte Validierung
verbesserte Usability
Optimierung auf Firmen Workflow
          Anhang: Damlaiger Stand des Implementierungsteils"},
  date = {2025-03-14},
  keywords = {prompt}
}

% Momos quellen:

//Webentwicklung
@article{jacksi2019development,
  title={Development history of the world wide web},
  author={Jacksi, Karwan and Abass, Shakir M},
  journal={Int. J. Sci. Technol. Res},
  volume={8},
  number={9},
  pages={75--79},
  year={2019}
}

@online{cern_birth_web,
  title={The birth of the Web},
  organization={CERN},
  url={https://home.web.cern.ch/science/computing/birth-web},
  urldate={2024-11-22}
}

//Front und Backend
@online{ionos_backend_frontend,
  title={Frontend und Backend: So unterscheiden sie sich},
  author={{IONOS Redaktion}},
  year={2023},
  url={https://www.ionos.at/digitalguide/websites/webseiten-erstellen/backend-frontend/},
  note={Zugriff am 21. November 2024}
}

//Frameworks
@inproceedings{rathinam2022analysis,
  title={Analysis and Comparison of Different Frontend Frameworks},
  author={Rathinam, Suryaansh},
  booktitle={International Conference on Applications and Techniques in Information Security},
  pages={243--257},
  year={2022},
  organization={Springer}
}

@article{shetty2020review,
  title={Review paper on web frameworks, databases and web stacks},
  author={Shetty, Jyoti and Dash, Deepika and Joish, Akshaya Kumar and Guruprasad, C},
  journal={Intern Res J Eng Technol (IRJET)},
  volume={7},
  number={5},
  year={2020}
}

@article{madurapperuma2022state,
  title={State-of-art frameworks for Front-end and Back-end Web Development},
  author={Madurapperuma, IH and Shafana, MS and Sabani, MJA},
  year={2022},
  publisher={Faculty of Technology, South Eastern University of Sri Lanka, Sri Lanka}
}

@article{hutagikar2020analysis,
  title={Analysis of front-end frameworks for web applications},
  author={Hutagikar, Vinuta and Hegde, Vinay},
  journal={Int. Research J. of Engineering and Tech},
  volume={7},
  number={4},
  pages={3317--3320},
  year={2020}
}

@article{awasthiresearch,
  title={Research and Analysis of the Front-end Frameworks and Libraries in Web Development},
  author={Awasthi, Arnav and More, Shubham and Viegas, Warren}
}

@online{angular,
  title={Angular - The modern web developer's platform},
  year={2024},
  url={https://angular.dev/},
  note={Accessed: 2024-11-21}
}

@online{angular_blog,
  title={Angular Blog},
  author={{Angular Team}},
  year={2024},
  url={https://blog.angular.dev/},
  note={News and tips from the Angular team}
}

@online{react,
  title={React: The library for web and native user interfaces},
  year={2024},
  url={https://react.dev/},
  note={Zugriff am 2024-11-21}
}

@online{react_blog,
  title={React Blog},
  author={{React Team}},
  year={2024},
  url={https://react.dev/blog},
  note={Official updates from the React team}
}


@online{vuejs,
  title={Vue.js - The Progressive JavaScript Framework},
  year={2024},
  url={https://vuejs.org/},
  note={Accessed: 2024-11-21}
}

@online{vue_blog,
  title={The Vue Point},
  author={{Vue.js Team}},
  year={2024},
  url={https://blog.vuejs.org/},
  note={Updates, tips, and opinions from the maintainers of Vue.js}
}


//Bilder
@online{akivab_js_framework,
  title={How to Decide on a JS Framework},
  author={Akivab},
  year={2022},
  url={https://medium.com/@akiva10b/how-to-decide-on-a-js-framework-53e9a6bb6f3a},
  note={Insights on selecting JavaScript frameworks based on technology, community trends, and consolidation}
}


//Webentwicklung
@article{jacksi2019development,
  title={Development history of the world wide web},
  author={Jacksi, Karwan and Abass, Shakir M},
  journal={Int. J. Sci. Technol. Res},
  volume={8},
  number={9},
  pages={75--79},
  year={2019}
}

@online{cern_birth_web,
  title={The birth of the Web},
  organization={CERN},
  url={https://home.web.cern.ch/science/computing/birth-web},
  urldate={2024-11-22}
}

//Front und Backend
@online{ionos_backend_frontend,
  title={Frontend und Backend: So unterscheiden sie sich},
  author={{IONOS Redaktion}},
  year={2023},
  url={https://www.ionos.at/digitalguide/websites/webseiten-erstellen/backend-frontend/},
  note={Zugriff am 21. November 2024}
}

//Frameworks
@online{rathinam2022analysis,
  title={Analysis and Comparison of Different Frontend Frameworks},
  author={Rathinam, Suryaansh},
  booktitle={International Conference on Applications and Techniques in Information Security},
  pages={243--257},
  year={2022},
  organization={Springer}
}

@article{shetty2020review,
  title={Review paper on web frameworks, databases and web stacks},
  author={Shetty, Jyoti and Dash, Deepika and Joish, Akshaya Kumar and Guruprasad, C},
  journal={Intern Res J Eng Technol (IRJET)},
  volume={7},
  number={5},
  year={2020}
}

@article{madurapperuma2022state,
  title={State-of-art frameworks for Front-end and Back-end Web Development},
  author={Madurapperuma, IH and Shafana, MS and Sabani, MJA},
  journal={Intern Res J Eng Technol (IRJET)},
  year={2022},
  publisher={Faculty of Technology, South Eastern University of Sri Lanka, Sri Lanka}
}


@article{hutagikar2020analysis,
  title={Analysis of front-end frameworks for web applications},
  author={Hutagikar, Vinuta and Hegde, Vinay},
  journal={Int. Research J. of Engineering and Tech},
  volume={7},
  number={4},
  pages={3317--3320},
  year={2020}
}

@article{awasthiresearch,
  title={Research and Analysis of the Front-end Frameworks and Libraries in Web Development},
  journal={Int. Research J. of Engineering and Tech},
    author={Awasthi, Arnav and More, Shubham and Viegas, Warren}
}


@online{angular,
  title={Angular - The modern web developer's platform},
  year={2024},
  url={https://angular.dev/},
  note={Accessed: 2024-11-21}
}

@online{angular_blog,
  title={Angular Blog},
  author={{Angular Team}},
  year={2024},
  url={https://blog.angular.dev/},
  note={News and tips from the Angular team}
}

@online{react,
  title={React: The library for web and native user interfaces},
  year={2024},
  url={https://react.dev/},
  note={Zugriff am 2024-11-21}
}

@online{react_blog,
  title={React Blog},
  author={{React Team}},
  year={2024},
  url={https://react.dev/blog},
  note={Official updates from the React team}
}


@online{vuejs,
  title={Vue.js - The Progressive JavaScript Framework},
  year={2024},
  url={https://vuejs.org/},
  note={Accessed: 2024-11-21}
}

@online{vue_blog,
  title={The Vue Point},
  author={{Vue.js Team}},
  year={2024},
  url={https://blog.vuejs.org/},
  note={Updates, tips, and opinions from the maintainers of Vue.js}
}

@online{nextjs,
  title={Next.js by Vercel - The React Framework},
  author={{Vercel}},
  year={2025},
  url={https://nextjs.org/}
}

@online{nextjs_blog,
  title={Next.js Blog},
  author={{Vercel}},
  year={2025},
  url={https://nextjs.org/blog}
}


//Bilder
@online{akivab_js_framework,
  title={How to Decide on a JS Framework},
  author={Akivab},
  year={2022},
  url={https://medium.com/@akiva10b/how-to-decide-on-a-js-framework-53e9a6bb6f3a},
  note={Insights on selecting JavaScript frameworks based on technology, community trends, and consolidation}
}

@online{mockup_vs_prototype_image,
  title={Mockup vs Prototype: What's the Difference?},
  url={https://www.visily.ai/wp-content/uploads/2023/12/Feature-image-Mockup-vs-Prototype_-Whats-the-Difference_-scaled.jpg},
  note={Accessed: 2025-01-13}
}


@online{responsive_vs_adaptive_image,
  title={Responsive vs Adaptive Image},
  url={https://kinsta.com/de/wp-content/uploads/sites/5/2020/10/responsive-vs-adaptive.png},
  note={Accessed: 2025-01-13}
}



@book{ux_usability,
  title={Usability und UX: Produkte für Menschen},
  author={Richter, Michael and Flückiger, Markus D.},
  series={IT kompakt},
  edition={4th},
  publisher={Springer Vieweg},
  year={2016},
  isbn={978-3-662-49827-9},
  doi={10.1007/978-3-662-49828-6},
  url={http://www.springer.com/series/8297},
  address={Berlin Heidelberg}
}
//Webentwicklung
@article{jacksi2019development,
  title={Development history of the world wide web},
  author={Jacksi, Karwan and Abass, Shakir M},
  journal={Int. J. Sci. Technol. Res},
  volume={8},
  number={9},
  pages={75--79},
  year={2019}
}

@online{cern_birth_web,
  title={The birth of the Web},
  organization={CERN},
  url={https://home.web.cern.ch/science/computing/birth-web},
  urldate={2024-11-22}
}

//Front und Backend
@online{ionos_backend_frontend,
  title={Frontend und Backend: So unterscheiden sie sich},
  author={{IONOS Redaktion}},
  year={2023},
  url={https://www.ionos.at/digitalguide/websites/webseiten-erstellen/backend-frontend/},
  note={Zugriff am 21. November 2024}
}

//Frameworks
@online{rathinam2022analysis,
  title={Analysis and Comparison of Different Frontend Frameworks},
  author={Rathinam, Suryaansh},
  booktitle={International Conference on Applications and Techniques in Information Security},
  pages={243--257},
  year={2022},
  organization={Springer}
}

@article{shetty2020review,
  title={Review paper on web frameworks, databases and web stacks},
  author={Shetty, Jyoti and Dash, Deepika and Joish, Akshaya Kumar and Guruprasad, C},
  journal={Intern Res J Eng Technol (IRJET)},
  volume={7},
  number={5},
  year={2020}
}

@article{madurapperuma2022state,
  title={State-of-art frameworks for Front-end and Back-end Web Development},
  author={Madurapperuma, IH and Shafana, MS and Sabani, MJA},
  journal={Intern Res J Eng Technol (IRJET)},
  year={2022},
  publisher={Faculty of Technology, South Eastern University of Sri Lanka, Sri Lanka}
}


@article{hutagikar2020analysis,
  title={Analysis of front-end frameworks for web applications},
  author={Hutagikar, Vinuta and Hegde, Vinay},
  journal={Int. Research J. of Engineering and Tech},
  volume={7},
  number={4},
  pages={3317--3320},
  year={2020}
}

@article{awasthiresearch,
  title={Research and Analysis of the Front-end Frameworks and Libraries in Web Development},
  journal={Int. Research J. of Engineering and Tech},
    author={Awasthi, Arnav and More, Shubham and Viegas, Warren}
}


@online{angular,
  title={Angular - The modern web developer's platform},
  year={2024},
  url={https://angular.dev/},
  note={Accessed: 2024-11-21}
}

@online{angular_blog,
  title={Angular Blog},
  author={{Angular Team}},
  year={2024},
  url={https://blog.angular.dev/},
  note={News and tips from the Angular team}
}

@online{react,
  title={React: The library for web and native user interfaces},
  year={2024},
  url={https://react.dev/},
  note={Zugriff am 2024-11-21}
}

@online{react_blog,
  title={React Blog},
  author={{React Team}},
  year={2024},
  url={https://react.dev/blog},
  note={Official updates from the React team}
}


@online{vuejs,
  title={Vue.js - The Progressive JavaScript Framework},
  year={2024},
  url={https://vuejs.org/},
  note={Accessed: 2024-11-21}
}

@online{vue_blog,
  title={The Vue Point},
  author={{Vue.js Team}},
  year={2024},
  url={https://blog.vuejs.org/},
  note={Updates, tips, and opinions from the maintainers of Vue.js}
}

@online{nextjs,
  title={Next.js by Vercel - The React Framework},
  author={{Vercel}},
  year={2025},
  url={https://nextjs.org/}
}

@online{nextjs_blog,
  title={Next.js Blog},
  author={{Vercel}},
  year={2025},
  url={https://nextjs.org/blog}
}


//Bilder
@online{akivab_js_framework,
  title={How to Decide on a JS Framework},
  author={Akivab},
  year={2022},
  url={https://medium.com/@akiva10b/how-to-decide-on-a-js-framework-53e9a6bb6f3a},
  note={Insights on selecting JavaScript frameworks based on technology, community trends, and consolidation}
}

@online{mockup_vs_prototype_image,
  title={Mockup vs Prototype: What's the Difference?},
  url={https://www.visily.ai/wp-content/uploads/2023/12/Feature-image-Mockup-vs-Prototype_-Whats-the-Difference_-scaled.jpg},
  note={Accessed: 2025-01-13}
}


@online{responsive_vs_adaptive_image,
  title={Responsive vs Adaptive Image},
  url={https://kinsta.com/de/wp-content/uploads/sites/5/2020/10/responsive-vs-adaptive.png},
  note={Accessed: 2025-01-13}
}



@book{ux_usability,
  title={Usability und UX: Produkte für Menschen},
  author={Richter, Michael and Flückiger, Markus D.},
  series={IT kompakt},
  edition={4th},
  publisher={Springer Vieweg},
  year={2016},
  isbn={978-3-662-49827-9},
  doi={10.1007/978-3-662-49828-6},
  url={http://www.springer.com/series/8297},
  address={Berlin Heidelberg}
}


@online{equilibriaSharingFrontend,
  author="{Equilibria-sharing-DP}",
  title="{Equilibria Sharing Frontend}",
  year="2025",
  url="https://github.com/Equilibria-sharing-DP/equilibriaSharing_frontend",
  note="GitHub repository"
}

